% Encoding: UTF-8

@Misc{End,
  author = {***},
  title  = {End of paper placeholder for sorting purposes},
}
